<record xmlns="http://www.openarchives.org/OAI/2.0/" xmlns:xsi="http://www.w3.org/2001/XMLSchema-instance"><header><identifier>oai:alma.34CSIC_INST:990013510340204201</identifier><datestamp>2020-02-06T08:40:59Z</datestamp><setSpec>manuscripta</setSpec></header><metadata><record xmlns="http://www.loc.gov/MARC21/slim" xmlns:xsi="http://www.w3.org/2001/XMLSchema-instance" xsi:schemaLocation="http://www.loc.gov/MARC21/slim http://www.loc.gov/standards/marcxml/schema/MARC21slim.xsd"><leader>05949nam a2200601 i 4500</leader><controlfield tag="005">20181031100341.0</controlfield><controlfield tag="008">100730m17981799              000 0 ara d</controlfield><controlfield tag="001">990013510340204201</controlfield><datafield tag="035" ind1=" " ind2=" "><subfield code="a">CSIC001351034</subfield></datafield><datafield tag="035" ind1=" " ind2=" "><subfield code="a">(ES-MaCSI)001351034MAD01-Aleph</subfield></datafield><datafield tag="035" ind1=" " ind2=" "><subfield code="a">(OCoLC)1123817626
</subfield></datafield><datafield tag="040" ind1=" " ind2=" "><subfield code="a">ES-MaCSI</subfield><subfield code="b">spa</subfield></datafield><datafield tag="245" ind1="1" ind2="0"><subfield code="a">حاشية على باب الإمالة‭</subfield><subfield code="h">[‭Manuscrito]</subfield></datafield><datafield tag="260" ind1=" " ind2=" "><subfield code="c">[1798-1799?] 1213? de la Hégira.</subfield></datafield><datafield tag="300" ind1=" " ind2=" "><subfield code="a">12 f. (la obra sólo ocupa los 8 primeros folios del cuaderno, los cuatro folios siguientes son ilegibles) ;</subfield><subfield code="c">22,5 x 17,5 cm (caja: 15 x 9,3 cm).</subfield></datafield><datafield tag="490" ind1="1" ind2=" "><subfield code="a">Manuscripta</subfield></datafield><datafield tag="546" ind1=" " ind2=" "><subfield code="a">Arabe</subfield><subfield code="b">Escritura magrebí</subfield></datafield><datafield tag="500" ind1=" " ind2=" "><subfield code="a">Título transliterado: Ḥāšiya ʽalà bāb al-imāla</subfield></datafield><datafield tag="500" ind1=" " ind2=" "><subfield code="a">Distribución: 1 col. La mayor parte del volumen tiene 24 líneas por página, otras varían de 22 a 23.</subfield></datafield><datafield tag="500" ind1=" " ind2=" "><subfield code="a">Material: Papel</subfield></datafield><datafield tag="500" ind1=" " ind2=" "><subfield code="a">Tinta: Negra y roja</subfield></datafield><datafield tag="500" ind1=" " ind2=" "><subfield code="a">(بعد البسملة والتصلية) هذه حاشية على باب الإمالة الحمد لله الذي تفضل علينا بالإيمن والسلام ‪Incipit:</subfield></datafield><datafield tag="500" ind1=" " ind2=" "><subfield code="a">‪Explicit: بالله يتوب على الجميع [...] شفيع</subfield></datafield><datafield tag="500" ind1=" " ind2=" "><subfield code="a">Lugar de escritura: Játiva</subfield></datafield><datafield tag="500" ind1=" " ind2=" "><subfield code="a">Copista: No consta</subfield></datafield><datafield tag="500" ind1=" " ind2=" "><subfield code="a">‪Colofón: اتمت الحاشية التي على باب الإمالة بحمد الله تعالى وحسن عونه [...] من عيد مملة فإني قد كنت في شطبة وكتبتها والسلام بعد عام 213[1] على يد كاتبها لنفسه ثم لمن شاء بعده</subfield></datafield><datafield tag="500" ind1=" " ind2=" "><subfield code="a">Características especiales: Texto sin vocalizar</subfield></datafield><datafield tag="500" ind1=" " ind2=" "><subfield code="a">Ilustración: No</subfield></datafield><datafield tag="500" ind1=" " ind2=" "><subfield code="a">Ilustraciones: Los epígrafes de los capítulos, al igual de algunas palabras del texto y el colofón, aparecen en tinta roja.</subfield></datafield><datafield tag="500" ind1=" " ind2=" "><subfield code="a">Tipo de cuaderno: 1 cuad.: sextnión</subfield></datafield><datafield tag="500" ind1=" " ind2=" "><subfield code="a">Deterioros: Se advierte en algunos folios arrugas, manchas, pliegues y degradaciones severas de tinta que han hecho que en algunos folios sea ilegible el texto.</subfield></datafield><datafield tag="500" ind1=" " ind2=" "><subfield code="a">H en blanco: No</subfield></datafield><datafield tag="500" ind1=" " ind2=" "><subfield code="a">H dañadas, mutiladas, sueltas: No</subfield></datafield><datafield tag="500" ind1=" " ind2=" "><subfield code="a">H faltan o añadidas: No</subfield></datafield><datafield tag="500" ind1=" " ind2=" "><subfield code="a">Foliación: Sin foliación original. - Foliación moderna a lápiz hecha por Naima Anahnah (2010)</subfield></datafield><datafield tag="500" ind1=" " ind2=" "><subfield code="a">Reclamos: Reclamos en tinta negra en el margen inferior izquierdo de todos los folios verso, excepto el folio 2 que el reclamo aparece en rojo.</subfield></datafield><datafield tag="500" ind1=" " ind2=" "><subfield code="a">Sign. cuad.: No</subfield></datafield><datafield tag="500" ind1=" " ind2=" "><subfield code="a">Pautado: Punta seca (casi inapreciable).</subfield></datafield><datafield tag="500" ind1=" " ind2=" "><subfield code="a">Filigrana: Las palabras “SAN CARLO” en letras mayúsculas ahuecadas, donde los vocablos aparecen en dos líneas, el primero en la superior y el segundo en la inferior. La palabra “LEVERATTO” en letras mayúsculas ahuecadas. Escudo cuyo interior es atravesado por una banda perpendicular con trazos en zigzag y acabado en su parte superior con una corona de cinco picos. La palabra “ALSASSO” en letras mayúsculas ahuecadas.</subfield></datafield><datafield tag="563" ind1=" " ind2=" "><subfield code="a">Encuadernación: Carece de encuadernación</subfield></datafield><datafield tag="541" ind1=" " ind2=" "><subfield code="a">Procedencia: Escuela de Estudios Árabes</subfield><subfield code="c">[Carlos Quirós Rodríguez]</subfield><subfield code="d">[198-?]</subfield></datafield><datafield tag="500" ind1=" " ind2=" "><subfield code="a">Signatura antigua: No</subfield></datafield><datafield tag="500" ind1=" " ind2=" "><subfield code="a">Anotaciones: Anotaciones marginales en tinta negra sólo en los folios 2r y 6v. En la esquina superior izquierda del folio 7r se lee: لا اله الاّ الله محمد رسول الله صلى الله عليه وسلم, mientras que en la del folio 8r el texto resulta de difícil lectura.</subfield></datafield><datafield tag="510" ind1=" " ind2=" "><subfield code="a">No</subfield></datafield><datafield tag="581" ind1=" " ind2=" "><subfield code="a">Descripción: No</subfield></datafield><datafield tag="530" ind1=" " ind2=" "><subfield code="a">Otros soportes: No</subfield></datafield><datafield tag="581" ind1=" " ind2=" "><subfield code="a">Edición: No</subfield></datafield><datafield tag="520" ind1="2" ind2=" "><subfield code="a">Contenido: Ḥāšiya ʽalà bāb al-imāla</subfield></datafield><datafield tag="650" ind1=" " ind2="7"><subfield code="a">Arabe</subfield><subfield code="x">Gramática</subfield><subfield code="v">Manuscritos.</subfield><subfield code="2">CSICAU</subfield></datafield><datafield tag="740" ind1="0" ind2=" "><subfield code="a">Ḥāšiya ʽalà bāb al-imāla</subfield></datafield><datafield tag="830" ind1=" " ind2="0"><subfield code="a">Manuscripta</subfield></datafield><datafield tag="856" ind1="4" ind2="1"><subfield code="u">http://aleph.csic.es/imagenes/mad01/0006_PMSC/P_001351034_785454_V00.pdf</subfield><subfield code="z">Descargar Pdf completo (5.9M)</subfield><subfield code="m">CSIC</subfield></datafield><datafield tag="856" ind1="4" ind2="1"><subfield code="u">http://simurg.bibliotecas.csic.es/viewer/image/CSIC001351034/1/</subfield><subfield code="z">Ver texto completo en SIMURG, el portal de fondos digitalizados del CSIC</subfield><subfield code="m">CSIC</subfield></datafield><datafield tag="856" ind1="4" ind2="1"><subfield code="u">http://aleph.csic.es/imagenes/mad01/0006_PMSC/html/001351034.html</subfield><subfield code="z">Ver texto completo en Bookreader</subfield></datafield></record></metadata></record>